@article {MaclagenSmith,
    AUTHOR = {Diane Maclagen and Gregory Smith},
     TITLE = {Multigraded Castelnouvo–Mumford regularity},
   JOURNAL = {J. Reine Angew. Math.},
    VOLUME = {571},
      YEAR = {2004},
    NUMBER = {3},
     PAGES = {179-212}
}
@article {BotbolChardin,
    AUTHOR = {Nicol\'{a}s Botbol and Marc Chardin},
     TITLE = {Castelnuovo Mumford regularity with respect to multigraded ideals},
   JOURNAL = {J. Algebra},
  FJOURNAL = {Journal of Algebra},
    VOLUME = {474},
      YEAR = {2017},
     PAGES = {361-369}
}
@article {HoffmanWang,
    AUTHOR = { Jerome W Hoffman  and  Hao Hao  Wang},
     TITLE = {Castelnuovo-Mumford regularity in biprojective spaces},
   JOURNAL = {Adv. Geom.},
    VOLUME = {4},
    NUMBER= {4},
      YEAR = {2004},
     PAGES = {513-536}
}
@article {EisenbudErmanSchreyer,
    AUTHOR = { David Eisenbud  and Daniel  Erman and Frank-Olaf Schreyer },
     TITLE = {Tate resolutions for products of projective spaces},
   JOURNAL = {Acta Math. Vietnam. },
    VOLUME = {40},
    NUMBER= {1},
      YEAR = {2015},
     PAGES = {5-36}
}
@article{EisenbudGoto,
title = "Linear free resolutions and minimal multiplicity",
journal = "Journal of Algebra",
volume = "88",
number = "1",
pages = "89 - 133",
year = "1984",
issn = "0021-8693",
doi = "https://doi.org/10.1016/0021-8693(84)90092-9",
url = "http://www.sciencedirect.com/science/article/pii/0021869384900929",
author = "David Eisenbud and Shiro Goto"
}
